@book{kochenderfer2020optimization,
  author    = {Кохендерфер, Майкл Д. and Уилер, Тим А.},
  title     = {Алгоритмы оптимизации},
  year      = {2020},
  publisher = {ООО “Диалектика”},
  address   = {Санкт-Петербург},
  note      = {Перевод с английского. Параллельный титул на английском. Иллюстрации},
  isbn      = {978-5-907144-76-7},
  language  = {russian}
}